<?xml version="1.0" encoding="UTF-8"?><collection xmlns="http://www.loc.gov/MARC21/slim"><record><leader>00480nam--2200169-i-4500</leader><controlfield tag="001">000020449</controlfield><controlfield tag="002">20161230</controlfield><controlfield tag="005">20161230201033</controlfield><controlfield tag="008">060222s1000------------r-----000-0-eng-d</controlfield><datafield ind1=" " ind2=" " tag="040"><subfield code="a">IFIN-HH</subfield></datafield><datafield ind1=" " ind2=" " tag="080"><subfield code="a">539.16(061.3)</subfield></datafield><datafield ind1="1" ind2=" " tag="110"><subfield code="a">University Of Washington</subfield></datafield><datafield ind1="1" ind2="0" tag="245"><subfield code="a">Annual conference on nuclear and space radiations efects, july 24-27, 1972</subfield></datafield><datafield ind1=" " ind2=" " tag="260"><subfield code="a">Seatle</subfield><subfield code="b">University Of Washington</subfield><subfield code="c">1972</subfield></datafield><datafield ind1=" " ind2=" " tag="300"><subfield code="a">208 P</subfield></datafield><datafield ind1=" " ind2=" " tag="852"><subfield code="a">80345</subfield><subfield code="c">539.16</subfield></datafield><datafield ind1=" " ind2=" " tag="CAT"><subfield code="a">Sys</subfield><subfield code="c">20110110</subfield><subfield code="h">152615</subfield></datafield></record></collection>